@article{ref:electronic_analog,
author = {A. Perinelli and R. Iuppa and L. Ricci},
title = {A scalable electronic analog of the Burridge–Knopoff model
of earthquake faults},
journaltitle = {Chaos 33, 093103},
year = {2023}
}

@article{ref:bk,
author = {R. Burridge and L. Knopoff},
title = {Model and theoretical seismicity},
journaltitle = {Bulletin of the Seismological Society of America},
year = {1967}
}

@article{ref:ofc,
author = {Zeev Olami and Hans Jacob S. Feder and Kim Christensen},
title = {Self-organized criticality in a continuous, nonconservative cellular automaton modeling earthquakes},
journaltitle = {Phys. Rev. Lett. 68, 1244},
year = {1992}
}

@article{ref:fvn,
author = {S. Field and N. Venturi and F. Nori},
title = {Marginal Stability and Chaos in Coupled Faults Modeled by Nonlinear Circuits},
journaltitle = {Phys. Rev. Lett. 74},
year = {1995}
}

@article{ref:stick_slip,
author = {K. Popp and P. Stelter},
title = {Stick-slip vibrations and chaos},
journaltitle = {Philos. Trans. Roy. Soc. A},
year = {1990}
}

@article{ref:fractal_dim,
author = {J. Theiler},
title = {Estimating fractal dimension},
journaltitle = {Journal of the Optical Society of America A Vol. 7, Issue 6, pp. 1055-1073},
year = {1990}
}

@book{ref:chaos_definition,
author = {R. Devaney},
title = {An Introduction to Chaotic Dynamical Systems},
edition = {3},
year = {2022},
publisher = {CRC Press}
}

@book{ref:fractal_book,
author = {E. Ott},
title = {Chaos In Dynamical Systems},
edition = {2},
year = {2002},
publisher = {Cambridge University Press}
}

@article{ref:mandelbrot_fractal,
author = {B. Mandelbrot},
title = {Is nature fractal?},
journaltitle = {Science, Vol. 279, No. 5352},
year = {1998}
}

@article{ref:strange_attractors_non_chaotic,
author = {C. Grebogi and E. Ott and S. Pelikan and J. A. Yorke},
title = {Strange attractors that are not chaotic},
journaltitle = {Physica 13D 261-268},
year = {1984}
}

@article{ref:abarbanel_fourier_spectra,
author = {H. Abarbanel et al.},
title = {The analysis of observed chaotic data in physical systems},
journaltitle = {Rev. Mod. Phys. , Vol. 65, No. 4},
year = {1993}
}

@article{ref:chaos_two_dim_theorem,
author = {Ivar Bendixson},
title = {Sur les courbes définies par des équations différentielles},
volume = {24},
journaltitle = {Acta Mathematica},
publisher = {Institut Mittag-Leffler},
year = {1901}
}

@article{ref:packard1980geometry,
  title={Geometry from a time series},
  author={Packard, Norman H. and Crutchfield, James P. and Farmer, J. Doyne and Shaw, Robert S.},
  journaltitle={Physical review letters},
  volume={45},
  number={9},
  pages={712},
  year={1980},
  publisher={APS}
}

@article{ref:bradley2015nonlinear,
  title={Nonlinear time-series analysis revisited},
  author={Bradley, Elizabeth and Kantz, Holger},
  journaltitle={Chaos: An Interdisciplinary Journal of Nonlinear Science},
  volume={25},
  number={9},
  year={2015},
  publisher={AIP Publishing}
}

@inproceedings{ref:takens2006detecting,
  title={Detecting strange attractors in turbulence},
  author={Takens, Floris},
  booktitle={Dynamical Systems and Turbulence, Warwick 1980: proceedings of a symposium held at the University of Warwick 1979/80},
  pages={366--381},
  year={2006},
  organization={Springer}
}

@inproceedings{ref:mane2006dimension,
  title={On the dimension of the compact invariant sets of certain non-linear maps},
  author={Ma{\~n}{\'e}, Ricardo},
  booktitle={Dynamical Systems and Turbulence, Warwick 1980: Proceedings of a Symposium Held at the University of Warwick 1979/80},
  pages={230--242},
  year={2006},
  organization={Springer}
}

@article{ref:ding1993estimating,
  title={Estimating correlation dimension from a chaotic time series: when does plateau onset occur?},
  author={Ding, Mingzhou and Grebogi, Celso and Ott, Edward and Sauer, Tim and Yorke, James A},
  journaltitle={Physica D: Nonlinear Phenomena},
  volume={69},
  number={3-4},
  pages={404--424},
  year={1993},
  publisher={Elsevier}
}

@article{ref:grassberger1991nonlinear,
  title={Nonlinear time sequence analysis},
  author={Grassberger, Peter and Schreiber, Thomas and Schaffrath, Carsten},
  journal={International Journal of Bifurcation and Chaos},
  volume={1},
  number={03},
  pages={521--547},
  year={1991},
  publisher={World Scientific}
}

@article{ref:perinelli2020chasing,
  title={Chasing chaos by improved identification of suitable embedding dimensions and lags},
  author={Perinelli, Alessio and Ricci, Leonardo},
  journal={Chaos: An Interdisciplinary Journal of Nonlinear Science},
  volume={30},
  number={12},
  year={2020},
  publisher={AIP Publishing}
}

@article{ref:perinelli2018identification,
  title={Identification of suitable embedding dimensions and lags for time series generated by chaotic, finite-dimensional systems},
  author={Perinelli, Alessio and Ricci, Leonardo},
  journal={Physical Review E},
  volume={98},
  number={5},
  pages={052226},
  year={2018},
  publisher={APS}
}

@article{ref:casdagli1991state,
  title={State space reconstruction in the presence of noise},
  author={Casdagli, Martin and Eubank, Stephen and Farmer, J Doyne and Gibson, John},
  journal={Physica D: Nonlinear Phenomena},
  volume={51},
  number={1-3},
  pages={52--98},
  year={1991},
  publisher={Elsevier}
}












@article{ref:,
author = {},
title = {},
journaltitle = {},
year = {}
}